<record><leader>00000cas a22000007a 4500</leader><controlfield tag="001">19016563</controlfield><controlfield tag="008">890113c19uu9999njuwr ne      0    0eng d</controlfield><datafield ind1=" " ind2=" " tag="010"><subfield code="a">sn 88071374 </subfield></datafield><datafield ind1=" " ind2=" " tag="040"><subfield code="a">NJW</subfield><subfield code="b">eng</subfield><subfield code="c">NJW</subfield><subfield code="d">NSD</subfield><subfield code="d">OCLCQ</subfield></datafield><datafield ind1=" " ind2=" " tag="012"><subfield code="m">X</subfield></datafield><datafield ind1=" " ind2=" " tag="042"><subfield code="a">msc</subfield></datafield><datafield ind1="0" ind2=" " tag="130"><subfield code="a">Essex journal (Orange, N.J.)</subfield></datafield><datafield ind1="1" ind2="0" tag="245"><subfield code="a">Essex journal.</subfield></datafield><datafield ind1=" " ind2=" " tag="260"><subfield code="a">[Orange, N.J. :</subfield><subfield code="b">Worrall Publications]</subfield></datafield><datafield ind1=" " ind2=" " tag="310"><subfield code="a">Weekly</subfield></datafield><datafield ind1=" " ind2=" " tag="580"><subfield code="a">"Section Two of the News-Record of Maplewood and South Orange, West Orange Chronicle, East Orange Record, Orange Transcript, The Independent Press, The Glen Ridge Paper, Belleville Post, Nutley Journal, Irvington Herald and Vailsburg Leader."</subfield></datafield><datafield ind1=" " ind2=" " tag="588"><subfield code="a">Description based on: Oct. 1, 1987.</subfield></datafield><datafield ind1=" " ind2=" " tag="752"><subfield code="a">United States</subfield><subfield code="b">New Jersey</subfield><subfield code="c">Essex</subfield><subfield code="d">Orange.</subfield></datafield><datafield ind1="1" ind2=" " tag="787"><subfield code="t">News-record of Maplewood and South Orange</subfield></datafield><datafield ind1="1" ind2=" " tag="787"><subfield code="t">West Orange chronicle</subfield></datafield><datafield ind1="1" ind2=" " tag="787"><subfield code="t">East Orange record</subfield><subfield code="w">(DLC)sn 84020439</subfield><subfield code="w">(OCoLC)10773940</subfield></datafield><datafield ind1="1" ind2=" " tag="787"><subfield code="t">Orange transcript</subfield></datafield><datafield ind1="1" ind2=" " tag="787"><subfield code="t">Independent press</subfield></datafield><datafield ind1="1" ind2=" " tag="787"><subfield code="t">Glen Ridge paper</subfield><subfield code="w">(DLC)sn 87068210</subfield><subfield code="w">(OCoLC)16893438</subfield></datafield><datafield ind1="1" ind2=" " tag="787"><subfield code="t">Belleville post</subfield><subfield code="w">(OCoLC)19610744</subfield></datafield><datafield ind1="1" ind2=" " tag="787"><subfield code="t">Nutley journal</subfield></datafield><datafield ind1="1" ind2=" " tag="787"><subfield code="t">Irvington herald (Irvington, N.J. : 1952)</subfield></datafield><datafield ind1="1" ind2=" " tag="787"><subfield code="t">Vailsburg leader</subfield><subfield code="w">(DLC)sn 88071373</subfield><subfield code="w">(OCoLC)19016589</subfield></datafield></record>